%YAML 1.1
%TAG !u! tag:unity3d.com,2011:
--- !u!1 &517664551567341718
GameObject:
  m_ObjectHideFlags: 0
  m_CorrespondingSourceObject: {fileID: 0}
  m_PrefabInstance: {fileID: 0}
  m_PrefabAsset: {fileID: 0}
  serializedVersion: 6
  m_Component:
  - component: {fileID: 893064602178019884}
  - component: {fileID: 8694202849823609238}
  - component: {fileID: 3275935450576696134}
  - component: {fileID: 6366929595429323883}
  m_Layer: 0
  m_Name: target
  m_TagString: Untagged
  m_Icon: {fileID: 0}
  m_NavMeshLayer: 0
  m_StaticEditorFlags: 0
  m_IsActive: 1
--- !u!4 &893064602178019884
Transform:
  m_ObjectHideFlags: 0
  m_CorrespondingSourceObject: {fileID: 0}
  m_PrefabInstance: {fileID: 0}
  m_PrefabAsset: {fileID: 0}
  m_GameObject: {fileID: 517664551567341718}
  m_LocalRotation: {x: 0, y: 0, z: 0, w: 1}
  m_LocalPosition: {x: -0, y: 0, z: 0}
  m_LocalScale: {x: 1.5, y: 1.5, z: 1.5}
  m_Children:
  - {fileID: 3635059053103948872}
  - {fileID: 5997413451641627115}
  - {fileID: 2631102805419743270}
  - {fileID: 2997827743456925790}
  m_Father: {fileID: 0}
  m_RootOrder: 0
  m_LocalEulerAnglesHint: {x: 0, y: 0, z: 0}
--- !u!114 &8694202849823609238
MonoBehaviour:
  m_ObjectHideFlags: 0
  m_CorrespondingSourceObject: {fileID: 0}
  m_PrefabInstance: {fileID: 0}
  m_PrefabAsset: {fileID: 0}
  m_GameObject: {fileID: 517664551567341718}
  m_Enabled: 1
  m_EditorHideFlags: 0
  m_Script: {fileID: 11500000, guid: 0f0e029b0f39146bbbf41acba99b7417, type: 3}
  m_Name: 
  m_EditorClassIdentifier: 
  targetScoreCard: {fileID: 3334459821818364036}
--- !u!114 &3275935450576696134
MonoBehaviour:
  m_ObjectHideFlags: 0
  m_CorrespondingSourceObject: {fileID: 0}
  m_PrefabInstance: {fileID: 0}
  m_PrefabAsset: {fileID: 0}
  m_GameObject: {fileID: 517664551567341718}
  m_Enabled: 1
  m_EditorHideFlags: 0
  m_Script: {fileID: 11500000, guid: 0fd41b97af63e4db9a391e2fb5a3dec7, type: 3}
  m_Name: 
  m_EditorClassIdentifier: 
--- !u!65 &6366929595429323883
BoxCollider:
  m_ObjectHideFlags: 0
  m_CorrespondingSourceObject: {fileID: 0}
  m_PrefabInstance: {fileID: 0}
  m_PrefabAsset: {fileID: 0}
  m_GameObject: {fileID: 517664551567341718}
  m_Material: {fileID: 0}
  m_IsTrigger: 0
  m_Enabled: 1
  serializedVersion: 2
  m_Size: {x: 0.12581441, y: 1.3427839, z: 1.8516853}
  m_Center: {x: -0.08786923, y: 2.930106, z: 0.140306}
--- !u!1 &1371158341532524204
GameObject:
  m_ObjectHideFlags: 0
  m_CorrespondingSourceObject: {fileID: 0}
  m_PrefabInstance: {fileID: 0}
  m_PrefabAsset: {fileID: 0}
  serializedVersion: 6
  m_Component:
  - component: {fileID: 5997413451641627115}
  - component: {fileID: 3313057995333171634}
  - component: {fileID: 5489892931860323804}
  m_Layer: 0
  m_Name: pCylinder19
  m_TagString: Untagged
  m_Icon: {fileID: 0}
  m_NavMeshLayer: 0
  m_StaticEditorFlags: 0
  m_IsActive: 1
--- !u!4 &5997413451641627115
Transform:
  m_ObjectHideFlags: 0
  m_CorrespondingSourceObject: {fileID: 0}
  m_PrefabInstance: {fileID: 0}
  m_PrefabAsset: {fileID: 0}
  m_GameObject: {fileID: 1371158341532524204}
  m_LocalRotation: {x: 0, y: -0, z: -0, w: 1}
  m_LocalPosition: {x: 0.024813537, y: 2.025389, z: -0.07541855}
  m_LocalScale: {x: 1, y: 1, z: 1}
  m_Children: []
  m_Father: {fileID: 893064602178019884}
  m_RootOrder: 1
  m_LocalEulerAnglesHint: {x: 0, y: 0, z: 0}
--- !u!33 &3313057995333171634
MeshFilter:
  m_ObjectHideFlags: 0
  m_CorrespondingSourceObject: {fileID: 0}
  m_PrefabInstance: {fileID: 0}
  m_PrefabAsset: {fileID: 0}
  m_GameObject: {fileID: 1371158341532524204}
  m_Mesh: {fileID: 5358991509302202112, guid: eb33d97add567436f93d7b7f686588ae, type: 3}
--- !u!23 &5489892931860323804
MeshRenderer:
  m_ObjectHideFlags: 0
  m_CorrespondingSourceObject: {fileID: 0}
  m_PrefabInstance: {fileID: 0}
  m_PrefabAsset: {fileID: 0}
  m_GameObject: {fileID: 1371158341532524204}
  m_Enabled: 1
  m_CastShadows: 1
  m_ReceiveShadows: 1
  m_DynamicOccludee: 1
  m_MotionVectors: 1
  m_LightProbeUsage: 1
  m_ReflectionProbeUsage: 1
  m_RayTracingMode: 2
  m_RayTraceProcedural: 0
  m_RenderingLayerMask: 1
  m_RendererPriority: 0
  m_Materials:
  - {fileID: 2100000, guid: b38844339e44e480fb4b62c58dc095d2, type: 2}
  m_StaticBatchInfo:
    firstSubMesh: 0
    subMeshCount: 0
  m_StaticBatchRoot: {fileID: 0}
  m_ProbeAnchor: {fileID: 0}
  m_LightProbeVolumeOverride: {fileID: 0}
  m_ScaleInLightmap: 1
  m_ReceiveGI: 1
  m_PreserveUVs: 0
  m_IgnoreNormalsForChartDetection: 0
  m_ImportantGI: 0
  m_StitchLightmapSeams: 1
  m_SelectedEditorRenderState: 3
  m_MinimumChartSize: 4
  m_AutoUVMaxDistance: 0.5
  m_AutoUVMaxAngle: 89
  m_LightmapParameters: {fileID: 0}
  m_SortingLayerID: 0
  m_SortingLayer: 0
  m_SortingOrder: 0
  m_AdditionalVertexStreams: {fileID: 0}
--- !u!1 &2387302057477261568
GameObject:
  m_ObjectHideFlags: 0
  m_CorrespondingSourceObject: {fileID: 0}
  m_PrefabInstance: {fileID: 0}
  m_PrefabAsset: {fileID: 0}
  serializedVersion: 6
  m_Component:
  - component: {fileID: 2997827743456925790}
  m_Layer: 0
  m_Name: Colliders
  m_TagString: Untagged
  m_Icon: {fileID: 0}
  m_NavMeshLayer: 0
  m_StaticEditorFlags: 0
  m_IsActive: 1
--- !u!4 &2997827743456925790
Transform:
  m_ObjectHideFlags: 0
  m_CorrespondingSourceObject: {fileID: 0}
  m_PrefabInstance: {fileID: 0}
  m_PrefabAsset: {fileID: 0}
  m_GameObject: {fileID: 2387302057477261568}
  m_LocalRotation: {x: 0, y: 0, z: 0, w: 1}
  m_LocalPosition: {x: 0.003, y: 0, z: 0}
  m_LocalScale: {x: 1, y: 1, z: 1}
  m_Children:
  - {fileID: 8194035405288834305}
  - {fileID: 3924639174657722089}
  - {fileID: 2241380641477734501}
  - {fileID: 8196484851652361871}
  m_Father: {fileID: 893064602178019884}
  m_RootOrder: 3
  m_LocalEulerAnglesHint: {x: 0, y: 0, z: 0}
--- !u!1 &4144576897311960451
GameObject:
  m_ObjectHideFlags: 0
  m_CorrespondingSourceObject: {fileID: 0}
  m_PrefabInstance: {fileID: 0}
  m_PrefabAsset: {fileID: 0}
  serializedVersion: 6
  m_Component:
  - component: {fileID: 2631102805419743270}
  - component: {fileID: 3384474501229448201}
  - component: {fileID: 3849760006049473591}
  - component: {fileID: 8146663613662613256}
  m_Layer: 0
  m_Name: Canvas
  m_TagString: Untagged
  m_Icon: {fileID: 0}
  m_NavMeshLayer: 0
  m_StaticEditorFlags: 0
  m_IsActive: 1
--- !u!224 &2631102805419743270
RectTransform:
  m_ObjectHideFlags: 0
  m_CorrespondingSourceObject: {fileID: 0}
  m_PrefabInstance: {fileID: 0}
  m_PrefabAsset: {fileID: 0}
  m_GameObject: {fileID: 4144576897311960451}
  m_LocalRotation: {x: 0, y: 0.7071068, z: 0, w: 0.7071068}
  m_LocalPosition: {x: 0, y: 0, z: 0.128}
  m_LocalScale: {x: 0.6666667, y: 0.6666667, z: 0.6666667}
  m_Children:
  - {fileID: 6835383945937058396}
  m_Father: {fileID: 893064602178019884}
  m_RootOrder: 2
  m_LocalEulerAnglesHint: {x: 0, y: 90, z: 0}
  m_AnchorMin: {x: 0, y: 0}
  m_AnchorMax: {x: 0, y: 0}
  m_AnchoredPosition: {x: 0, y: 4.5}
  m_SizeDelta: {x: 3.41, y: 1.36}
  m_Pivot: {x: 0.5, y: 0.5}
--- !u!223 &3384474501229448201
Canvas:
  m_ObjectHideFlags: 0
  m_CorrespondingSourceObject: {fileID: 0}
  m_PrefabInstance: {fileID: 0}
  m_PrefabAsset: {fileID: 0}
  m_GameObject: {fileID: 4144576897311960451}
  m_Enabled: 1
  serializedVersion: 3
  m_RenderMode: 2
  m_Camera: {fileID: 0}
  m_PlaneDistance: 100
  m_PixelPerfect: 0
  m_ReceivesEvents: 1
  m_OverrideSorting: 0
  m_OverridePixelPerfect: 0
  m_SortingBucketNormalizedSize: 0
  m_AdditionalShaderChannelsFlag: 25
  m_SortingLayerID: 0
  m_SortingOrder: 0
  m_TargetDisplay: 0
--- !u!114 &3849760006049473591
MonoBehaviour:
  m_ObjectHideFlags: 0
  m_CorrespondingSourceObject: {fileID: 0}
  m_PrefabInstance: {fileID: 0}
  m_PrefabAsset: {fileID: 0}
  m_GameObject: {fileID: 4144576897311960451}
  m_Enabled: 1
  m_EditorHideFlags: 0
  m_Script: {fileID: 11500000, guid: 0cd44c1031e13a943bb63640046fad76, type: 3}
  m_Name: 
  m_EditorClassIdentifier: 
  m_UiScaleMode: 0
  m_ReferencePixelsPerUnit: 100
  m_ScaleFactor: 1
  m_ReferenceResolution: {x: 800, y: 600}
  m_ScreenMatchMode: 0
  m_MatchWidthOrHeight: 0
  m_PhysicalUnit: 3
  m_FallbackScreenDPI: 96
  m_DefaultSpriteDPI: 96
  m_DynamicPixelsPerUnit: 1
  m_PresetInfoIsWorld: 1
--- !u!114 &8146663613662613256
MonoBehaviour:
  m_ObjectHideFlags: 0
  m_CorrespondingSourceObject: {fileID: 0}
  m_PrefabInstance: {fileID: 0}
  m_PrefabAsset: {fileID: 0}
  m_GameObject: {fileID: 4144576897311960451}
  m_Enabled: 1
  m_EditorHideFlags: 0
  m_Script: {fileID: 11500000, guid: dc42784cf147c0c48a680349fa168899, type: 3}
  m_Name: 
  m_EditorClassIdentifier: 
  m_IgnoreReversedGraphics: 1
  m_BlockingObjects: 0
  m_BlockingMask:
    serializedVersion: 2
    m_Bits: 4294967295
--- !u!1 &4734200986087308687
GameObject:
  m_ObjectHideFlags: 0
  m_CorrespondingSourceObject: {fileID: 0}
  m_PrefabInstance: {fileID: 0}
  m_PrefabAsset: {fileID: 0}
  serializedVersion: 6
  m_Component:
  - component: {fileID: 6835383945937058396}
  - component: {fileID: 1981924717160699197}
  - component: {fileID: 3334459821818364036}
  m_Layer: 0
  m_Name: Point Earned
  m_TagString: Untagged
  m_Icon: {fileID: 0}
  m_NavMeshLayer: 0
  m_StaticEditorFlags: 0
  m_IsActive: 1
--- !u!224 &6835383945937058396
RectTransform:
  m_ObjectHideFlags: 0
  m_CorrespondingSourceObject: {fileID: 0}
  m_PrefabInstance: {fileID: 0}
  m_PrefabAsset: {fileID: 0}
  m_GameObject: {fileID: 4734200986087308687}
  m_LocalRotation: {x: -0, y: -0, z: -0, w: 1}
  m_LocalPosition: {x: 0, y: 0, z: 0}
  m_LocalScale: {x: 1, y: 1, z: 1}
  m_Children: []
  m_Father: {fileID: 2631102805419743270}
  m_RootOrder: 0
  m_LocalEulerAnglesHint: {x: 0, y: 0, z: 0}
  m_AnchorMin: {x: 0, y: 0}
  m_AnchorMax: {x: 1, y: 1}
  m_AnchoredPosition: {x: 0, y: 0}
  m_SizeDelta: {x: 0, y: 0}
  m_Pivot: {x: 0.5, y: 0.5}
--- !u!222 &1981924717160699197
CanvasRenderer:
  m_ObjectHideFlags: 0
  m_CorrespondingSourceObject: {fileID: 0}
  m_PrefabInstance: {fileID: 0}
  m_PrefabAsset: {fileID: 0}
  m_GameObject: {fileID: 4734200986087308687}
  m_CullTransparentMesh: 1
--- !u!114 &3334459821818364036
MonoBehaviour:
  m_ObjectHideFlags: 0
  m_CorrespondingSourceObject: {fileID: 0}
  m_PrefabInstance: {fileID: 0}
  m_PrefabAsset: {fileID: 0}
  m_GameObject: {fileID: 4734200986087308687}
  m_Enabled: 0
  m_EditorHideFlags: 0
  m_Script: {fileID: 11500000, guid: f4688fdb7df04437aeb418b961361dc5, type: 3}
  m_Name: 
  m_EditorClassIdentifier: 
  m_Material: {fileID: 0}
  m_Color: {r: 1, g: 1, b: 1, a: 1}
  m_RaycastTarget: 1
  m_RaycastPadding: {x: 0, y: 0, z: 0, w: 0}
  m_Maskable: 1
  m_OnCullStateChanged:
    m_PersistentCalls:
      m_Calls: []
  m_text: 20
  m_isRightToLeft: 0
  m_fontAsset: {fileID: 11400000, guid: 8f586378b4e144a9851e7b34d9b748ee, type: 2}
  m_sharedMaterial: {fileID: 2180264, guid: 8f586378b4e144a9851e7b34d9b748ee, type: 2}
  m_fontSharedMaterials: []
  m_fontMaterial: {fileID: 0}
  m_fontMaterials: []
  m_fontColor32:
    serializedVersion: 2
    rgba: 4294967295
  m_fontColor: {r: 1, g: 1, b: 1, a: 1}
  m_enableVertexGradient: 0
  m_colorMode: 3
  m_fontColorGradient:
    topLeft: {r: 1, g: 1, b: 1, a: 1}
    topRight: {r: 1, g: 1, b: 1, a: 1}
    bottomLeft: {r: 1, g: 1, b: 1, a: 1}
    bottomRight: {r: 1, g: 1, b: 1, a: 1}
  m_fontColorGradientPreset: {fileID: 0}
  m_spriteAsset: {fileID: 0}
  m_tintAllSprites: 0
  m_StyleSheet: {fileID: 0}
  m_TextStyleHashCode: -1183493901
  m_overrideHtmlColors: 0
  m_faceColor:
    serializedVersion: 2
    rgba: 4294967295
  m_fontSize: 1
  m_fontSizeBase: 1
  m_fontWeight: 400
  m_enableAutoSizing: 0
  m_fontSizeMin: 18
  m_fontSizeMax: 72
  m_fontStyle: 1
  m_HorizontalAlignment: 2
  m_VerticalAlignment: 512
  m_textAlignment: 65535
  m_characterSpacing: 0
  m_wordSpacing: 0
  m_lineSpacing: 0
  m_lineSpacingMax: 0
  m_paragraphSpacing: 0
  m_charWidthMaxAdj: 0
  m_enableWordWrapping: 1
  m_wordWrappingRatios: 0.4
  m_overflowMode: 0
  m_linkedTextComponent: {fileID: 0}
  parentLinkedComponent: {fileID: 0}
  m_enableKerning: 1
  m_enableExtraPadding: 0
  checkPaddingRequired: 0
  m_isRichText: 1
  m_parseCtrlCharacters: 1
  m_isOrthographic: 1
  m_isCullingEnabled: 0
  m_horizontalMapping: 0
  m_verticalMapping: 0
  m_uvLineOffset: 0
  m_geometrySortingOrder: 0
  m_IsTextObjectScaleStatic: 0
  m_VertexBufferAutoSizeReduction: 0
  m_useMaxVisibleDescender: 1
  m_pageToDisplay: 1
  m_margin: {x: 0, y: 0, z: 0, w: 0}
  m_isUsingLegacyAnimationComponent: 0
  m_isVolumetricText: 0
  m_hasFontAssetChanged: 0
  m_baseMaterial: {fileID: 0}
  m_maskOffset: {x: 0, y: 0, z: 0, w: 0}
--- !u!1 &7192131578244269786
GameObject:
  m_ObjectHideFlags: 0
  m_CorrespondingSourceObject: {fileID: 0}
  m_PrefabInstance: {fileID: 0}
  m_PrefabAsset: {fileID: 0}
  serializedVersion: 6
  m_Component:
  - component: {fileID: 3635059053103948872}
  - component: {fileID: 7818579701904011372}
  - component: {fileID: 4430485081001325748}
  m_Layer: 0
  m_Name: pCylinder18
  m_TagString: Untagged
  m_Icon: {fileID: 0}
  m_NavMeshLayer: 0
  m_StaticEditorFlags: 0
  m_IsActive: 1
--- !u!4 &3635059053103948872
Transform:
  m_ObjectHideFlags: 0
  m_CorrespondingSourceObject: {fileID: 0}
  m_PrefabInstance: {fileID: 0}
  m_PrefabAsset: {fileID: 0}
  m_GameObject: {fileID: 7192131578244269786}
  m_LocalRotation: {x: 0, y: -0, z: -0, w: 1}
  m_LocalPosition: {x: -0.08889894, y: 3.122441, z: 0.13662492}
  m_LocalScale: {x: 1, y: 1, z: 1}
  m_Children: []
  m_Father: {fileID: 893064602178019884}
  m_RootOrder: 0
  m_LocalEulerAnglesHint: {x: 0, y: 0, z: 0}
--- !u!33 &7818579701904011372
MeshFilter:
  m_ObjectHideFlags: 0
  m_CorrespondingSourceObject: {fileID: 0}
  m_PrefabInstance: {fileID: 0}
  m_PrefabAsset: {fileID: 0}
  m_GameObject: {fileID: 7192131578244269786}
  m_Mesh: {fileID: -3675369248753904948, guid: eb33d97add567436f93d7b7f686588ae, type: 3}
--- !u!23 &4430485081001325748
MeshRenderer:
  m_ObjectHideFlags: 0
  m_CorrespondingSourceObject: {fileID: 0}
  m_PrefabInstance: {fileID: 0}
  m_PrefabAsset: {fileID: 0}
  m_GameObject: {fileID: 7192131578244269786}
  m_Enabled: 1
  m_CastShadows: 1
  m_ReceiveShadows: 1
  m_DynamicOccludee: 1
  m_MotionVectors: 1
  m_LightProbeUsage: 1
  m_ReflectionProbeUsage: 1
  m_RayTracingMode: 2
  m_RayTraceProcedural: 0
  m_RenderingLayerMask: 1
  m_RendererPriority: 0
  m_Materials:
  - {fileID: 2100000, guid: a3fda6a7cda874a5cb2b4312fb14cfb4, type: 2}
  m_StaticBatchInfo:
    firstSubMesh: 0
    subMeshCount: 0
  m_StaticBatchRoot: {fileID: 0}
  m_ProbeAnchor: {fileID: 0}
  m_LightProbeVolumeOverride: {fileID: 0}
  m_ScaleInLightmap: 1
  m_ReceiveGI: 1
  m_PreserveUVs: 0
  m_IgnoreNormalsForChartDetection: 0
  m_ImportantGI: 0
  m_StitchLightmapSeams: 1
  m_SelectedEditorRenderState: 3
  m_MinimumChartSize: 4
  m_AutoUVMaxDistance: 0.5
  m_AutoUVMaxAngle: 89
  m_LightmapParameters: {fileID: 0}
  m_SortingLayerID: 0
  m_SortingLayer: 0
  m_SortingOrder: 0
  m_AdditionalVertexStreams: {fileID: 0}
--- !u!1001 &1872307692648875089
PrefabInstance:
  m_ObjectHideFlags: 0
  serializedVersion: 2
  m_Modification:
    m_TransformParent: {fileID: 2997827743456925790}
    m_Modifications:
    - target: {fileID: 7138160097976049764, guid: 10469278ca291470f8bffe464103aba4, type: 3}
      propertyPath: m_Name
      value: Collder_10Point
      objectReference: {fileID: 0}
    - target: {fileID: 7513137115782888158, guid: 10469278ca291470f8bffe464103aba4, type: 3}
      propertyPath: m_RootOrder
      value: 3
      objectReference: {fileID: 0}
    - target: {fileID: 7513137115782888158, guid: 10469278ca291470f8bffe464103aba4, type: 3}
      propertyPath: m_LocalPosition.x
      value: -0.17300001
      objectReference: {fileID: 0}
    - target: {fileID: 7513137115782888158, guid: 10469278ca291470f8bffe464103aba4, type: 3}
      propertyPath: m_LocalPosition.y
      value: 2.927652
      objectReference: {fileID: 0}
    - target: {fileID: 7513137115782888158, guid: 10469278ca291470f8bffe464103aba4, type: 3}
      propertyPath: m_LocalPosition.z
      value: 0.12594563
      objectReference: {fileID: 0}
    - target: {fileID: 7513137115782888158, guid: 10469278ca291470f8bffe464103aba4, type: 3}
      propertyPath: m_LocalRotation.w
      value: 1
      objectReference: {fileID: 0}
    - target: {fileID: 7513137115782888158, guid: 10469278ca291470f8bffe464103aba4, type: 3}
      propertyPath: m_LocalRotation.x
      value: 0
      objectReference: {fileID: 0}
    - target: {fileID: 7513137115782888158, guid: 10469278ca291470f8bffe464103aba4, type: 3}
      propertyPath: m_LocalRotation.y
      value: -0
      objectReference: {fileID: 0}
    - target: {fileID: 7513137115782888158, guid: 10469278ca291470f8bffe464103aba4, type: 3}
      propertyPath: m_LocalRotation.z
      value: -0
      objectReference: {fileID: 0}
    - target: {fileID: 7513137115782888158, guid: 10469278ca291470f8bffe464103aba4, type: 3}
      propertyPath: m_LocalEulerAnglesHint.x
      value: 0
      objectReference: {fileID: 0}
    - target: {fileID: 7513137115782888158, guid: 10469278ca291470f8bffe464103aba4, type: 3}
      propertyPath: m_LocalEulerAnglesHint.y
      value: 0
      objectReference: {fileID: 0}
    - target: {fileID: 7513137115782888158, guid: 10469278ca291470f8bffe464103aba4, type: 3}
      propertyPath: m_LocalEulerAnglesHint.z
      value: 0
      objectReference: {fileID: 0}
    m_RemovedComponents: []
  m_SourcePrefab: {fileID: 100100000, guid: 10469278ca291470f8bffe464103aba4, type: 3}
--- !u!4 &8196484851652361871 stripped
Transform:
  m_CorrespondingSourceObject: {fileID: 7513137115782888158, guid: 10469278ca291470f8bffe464103aba4, type: 3}
  m_PrefabInstance: {fileID: 1872307692648875089}
  m_PrefabAsset: {fileID: 0}
--- !u!1001 &3184963919188065680
PrefabInstance:
  m_ObjectHideFlags: 0
  serializedVersion: 2
  m_Modification:
    m_TransformParent: {fileID: 2997827743456925790}
    m_Modifications:
    - target: {fileID: 3686680209975954933, guid: 527fda00b908d4663a103b144e5a9921, type: 3}
      propertyPath: m_RootOrder
      value: 2
      objectReference: {fileID: 0}
    - target: {fileID: 3686680209975954933, guid: 527fda00b908d4663a103b144e5a9921, type: 3}
      propertyPath: m_LocalPosition.x
      value: -0.173
      objectReference: {fileID: 0}
    - target: {fileID: 3686680209975954933, guid: 527fda00b908d4663a103b144e5a9921, type: 3}
      propertyPath: m_LocalPosition.y
      value: 2.927652
      objectReference: {fileID: 0}
    - target: {fileID: 3686680209975954933, guid: 527fda00b908d4663a103b144e5a9921, type: 3}
      propertyPath: m_LocalPosition.z
      value: 0.12594563
      objectReference: {fileID: 0}
    - target: {fileID: 3686680209975954933, guid: 527fda00b908d4663a103b144e5a9921, type: 3}
      propertyPath: m_LocalRotation.w
      value: 1
      objectReference: {fileID: 0}
    - target: {fileID: 3686680209975954933, guid: 527fda00b908d4663a103b144e5a9921, type: 3}
      propertyPath: m_LocalRotation.x
      value: 0
      objectReference: {fileID: 0}
    - target: {fileID: 3686680209975954933, guid: 527fda00b908d4663a103b144e5a9921, type: 3}
      propertyPath: m_LocalRotation.y
      value: -0
      objectReference: {fileID: 0}
    - target: {fileID: 3686680209975954933, guid: 527fda00b908d4663a103b144e5a9921, type: 3}
      propertyPath: m_LocalRotation.z
      value: -0
      objectReference: {fileID: 0}
    - target: {fileID: 3686680209975954933, guid: 527fda00b908d4663a103b144e5a9921, type: 3}
      propertyPath: m_LocalEulerAnglesHint.x
      value: 0
      objectReference: {fileID: 0}
    - target: {fileID: 3686680209975954933, guid: 527fda00b908d4663a103b144e5a9921, type: 3}
      propertyPath: m_LocalEulerAnglesHint.y
      value: 0
      objectReference: {fileID: 0}
    - target: {fileID: 3686680209975954933, guid: 527fda00b908d4663a103b144e5a9921, type: 3}
      propertyPath: m_LocalEulerAnglesHint.z
      value: 0
      objectReference: {fileID: 0}
    - target: {fileID: 4062924930350847823, guid: 527fda00b908d4663a103b144e5a9921, type: 3}
      propertyPath: m_Name
      value: Collder_8Point
      objectReference: {fileID: 0}
    m_RemovedComponents: []
  m_SourcePrefab: {fileID: 100100000, guid: 527fda00b908d4663a103b144e5a9921, type: 3}
--- !u!4 &2241380641477734501 stripped
Transform:
  m_CorrespondingSourceObject: {fileID: 3686680209975954933, guid: 527fda00b908d4663a103b144e5a9921, type: 3}
  m_PrefabInstance: {fileID: 3184963919188065680}
  m_PrefabAsset: {fileID: 0}
--- !u!1001 &4701359920035734159
PrefabInstance:
  m_ObjectHideFlags: 0
  serializedVersion: 2
  m_Modification:
    m_TransformParent: {fileID: 2997827743456925790}
    m_Modifications:
    - target: {fileID: 3497496158250084238, guid: dcaac2bef3f154d09b70a1d1ae99ad62, type: 3}
      propertyPath: m_RootOrder
      value: 0
      objectReference: {fileID: 0}
    - target: {fileID: 3497496158250084238, guid: dcaac2bef3f154d09b70a1d1ae99ad62, type: 3}
      propertyPath: m_LocalPosition.x
      value: -0.17300001
      objectReference: {fileID: 0}
    - target: {fileID: 3497496158250084238, guid: dcaac2bef3f154d09b70a1d1ae99ad62, type: 3}
      propertyPath: m_LocalPosition.y
      value: 2.927652
      objectReference: {fileID: 0}
    - target: {fileID: 3497496158250084238, guid: dcaac2bef3f154d09b70a1d1ae99ad62, type: 3}
      propertyPath: m_LocalPosition.z
      value: 0.12594563
      objectReference: {fileID: 0}
    - target: {fileID: 3497496158250084238, guid: dcaac2bef3f154d09b70a1d1ae99ad62, type: 3}
      propertyPath: m_LocalRotation.w
      value: 1
      objectReference: {fileID: 0}
    - target: {fileID: 3497496158250084238, guid: dcaac2bef3f154d09b70a1d1ae99ad62, type: 3}
      propertyPath: m_LocalRotation.x
      value: 0
      objectReference: {fileID: 0}
    - target: {fileID: 3497496158250084238, guid: dcaac2bef3f154d09b70a1d1ae99ad62, type: 3}
      propertyPath: m_LocalRotation.y
      value: -0
      objectReference: {fileID: 0}
    - target: {fileID: 3497496158250084238, guid: dcaac2bef3f154d09b70a1d1ae99ad62, type: 3}
      propertyPath: m_LocalRotation.z
      value: -0
      objectReference: {fileID: 0}
    - target: {fileID: 3497496158250084238, guid: dcaac2bef3f154d09b70a1d1ae99ad62, type: 3}
      propertyPath: m_LocalEulerAnglesHint.x
      value: 0
      objectReference: {fileID: 0}
    - target: {fileID: 3497496158250084238, guid: dcaac2bef3f154d09b70a1d1ae99ad62, type: 3}
      propertyPath: m_LocalEulerAnglesHint.y
      value: 0
      objectReference: {fileID: 0}
    - target: {fileID: 3497496158250084238, guid: dcaac2bef3f154d09b70a1d1ae99ad62, type: 3}
      propertyPath: m_LocalEulerAnglesHint.z
      value: 0
      objectReference: {fileID: 0}
    - target: {fileID: 4306086198226091316, guid: dcaac2bef3f154d09b70a1d1ae99ad62, type: 3}
      propertyPath: m_Name
      value: Collder_1Point
      objectReference: {fileID: 0}
    m_RemovedComponents: []
  m_SourcePrefab: {fileID: 100100000, guid: dcaac2bef3f154d09b70a1d1ae99ad62, type: 3}
--- !u!4 &8194035405288834305 stripped
Transform:
  m_CorrespondingSourceObject: {fileID: 3497496158250084238, guid: dcaac2bef3f154d09b70a1d1ae99ad62, type: 3}
  m_PrefabInstance: {fileID: 4701359920035734159}
  m_PrefabAsset: {fileID: 0}
--- !u!1001 &5507035596394175048
PrefabInstance:
  m_ObjectHideFlags: 0
  serializedVersion: 2
  m_Modification:
    m_TransformParent: {fileID: 2997827743456925790}
    m_Modifications:
    - target: {fileID: 8165067455819908635, guid: 06548e50e8203446c9b17de19ec8af8b, type: 3}
      propertyPath: m_Name
      value: Collder_5Point
      objectReference: {fileID: 0}
    - target: {fileID: 8798895933662157985, guid: 06548e50e8203446c9b17de19ec8af8b, type: 3}
      propertyPath: m_RootOrder
      value: 1
      objectReference: {fileID: 0}
    - target: {fileID: 8798895933662157985, guid: 06548e50e8203446c9b17de19ec8af8b, type: 3}
      propertyPath: m_LocalPosition.x
      value: -0.17300001
      objectReference: {fileID: 0}
    - target: {fileID: 8798895933662157985, guid: 06548e50e8203446c9b17de19ec8af8b, type: 3}
      propertyPath: m_LocalPosition.y
      value: 2.927652
      objectReference: {fileID: 0}
    - target: {fileID: 8798895933662157985, guid: 06548e50e8203446c9b17de19ec8af8b, type: 3}
      propertyPath: m_LocalPosition.z
      value: 0.12594563
      objectReference: {fileID: 0}
    - target: {fileID: 8798895933662157985, guid: 06548e50e8203446c9b17de19ec8af8b, type: 3}
      propertyPath: m_LocalRotation.w
      value: 1
      objectReference: {fileID: 0}
    - target: {fileID: 8798895933662157985, guid: 06548e50e8203446c9b17de19ec8af8b, type: 3}
      propertyPath: m_LocalRotation.x
      value: 0
      objectReference: {fileID: 0}
    - target: {fileID: 8798895933662157985, guid: 06548e50e8203446c9b17de19ec8af8b, type: 3}
      propertyPath: m_LocalRotation.y
      value: -0
      objectReference: {fileID: 0}
    - target: {fileID: 8798895933662157985, guid: 06548e50e8203446c9b17de19ec8af8b, type: 3}
      propertyPath: m_LocalRotation.z
      value: -0
      objectReference: {fileID: 0}
    - target: {fileID: 8798895933662157985, guid: 06548e50e8203446c9b17de19ec8af8b, type: 3}
      propertyPath: m_LocalEulerAnglesHint.x
      value: 0
      objectReference: {fileID: 0}
    - target: {fileID: 8798895933662157985, guid: 06548e50e8203446c9b17de19ec8af8b, type: 3}
      propertyPath: m_LocalEulerAnglesHint.y
      value: 0
      objectReference: {fileID: 0}
    - target: {fileID: 8798895933662157985, guid: 06548e50e8203446c9b17de19ec8af8b, type: 3}
      propertyPath: m_LocalEulerAnglesHint.z
      value: 0
      objectReference: {fileID: 0}
    m_RemovedComponents: []
  m_SourcePrefab: {fileID: 100100000, guid: 06548e50e8203446c9b17de19ec8af8b, type: 3}
--- !u!4 &3924639174657722089 stripped
Transform:
  m_CorrespondingSourceObject: {fileID: 8798895933662157985, guid: 06548e50e8203446c9b17de19ec8af8b, type: 3}
  m_PrefabInstance: {fileID: 5507035596394175048}
  m_PrefabAsset: {fileID: 0}
